@book{Kotov,
	author =	{Котов В.Е.},
	title = 	{Сети Петри},
	publisher =	{М.: Наука},
	year =		{1984}
}

@book{Piterson,
	author =	{Питерсон Дж.},
	title = 	{Теория сетей Петри и моделирование систем},
	publisher =	{М.: Мир},
	year =	 	{1984}
}

@book{Jensen,
	author =	{Jensen K., Kristensen L.M.},
	title = 	{Coloured Petri nets. Modelling and validation of concurrent systems},
	publisher =	{N.Y.: Springer Dordrecht Heidelberg},
	year =		{1998}
}

@inproceedings{Ermakov,
	author =	{Ермаков И. Е., Жигуненко Н. А.},
	title =		{Двумерное структурное программирование; класс устремлённых графов. (Теоретические изыскания из опыта языка «ДРАКОН»},
	booktitle =	{Сборник трудов V Международной конференции «Инновационные информационно-педагогические технологии в системе ИТ-образования»},
	year =		{2010},
	pages = 	{452-461},
	publisher =	{М.: МГУ}
}

@inproceedings{Shamardina,
	author =	{Шамардина Е.И., Манюнин П.А.},
	title = 	{Язык алгоритмических чертежей «Дракон», его математическая модель и редактор},
	booktitle =	{Новые информационные технологии. Тезисы докладов ХVII Международной студенческой конференции-школы-семинара},
	publisher =	{М.: МГИЭМ (ТУ)},
	pages = 	{279-280},
	year =		{2009}
}

@book{Parondjanov1,
	author =	{Паронджанов В. Д.},
	title = 	{Теоретические основы языка ДРАКОН},
	publisher =	{М.: Новая книга},
	year =		{1995}
}

@book{Parondjanov2,
	author =	{Паронджанов В. Д.},
	title = 	{Как улучшить работу ума. Алгоритмы без программистов — это очень просто!},
	publisher =	{М.: Дело},
	year =		{2001}
}

@book{Tugashev,
	author =	{Тюгашев, А. А.},
	title = 	{Графические языки программирования и их применение в системах управления реального времени},
	type =		{Монография},
	publisher =	{Самара: Научный центр РАН},
	year =		{2009}
}

@book{Kristensen,
	author =	{Kristensen L.M., Christensen S., Jensen K.},
	title =		{The practitioner's guide to Coloured Petri Nets},
	publisher =	{N.Y.: Springer},
	year =		{1998}
}

@article{Shahov,
	author =	{Шахов В.},
	title =		{Моделирование программно-аппаратных «реактивных» систем раскрашенными сетями Петри},
	journal =	{RSDN Magazine},
	number =	{3},
	year =		{2006}
}

@phdthesis{Korotkov,
	author =	{Коротиков С.В.},
	title =		{Применение сетей Петри в разработке программного обеспечения центров дистанционного контроля и управления},
	school =	{НГТУ},
	year =		{2007}
}

@book{Battista,
	author =	{Battista G., Garg A., Liotta G., Tamassia R., Tassinari E., Vargiu F.},
	title =		{An experimental comparison of four graph drawing algorithms},
	year =		{1997},
	publisher =	{Computational Geometry},
	pages =	{303-325},
}
